<record><leader>00000cas a2200000 a 4500</leader><controlfield tag="001">48792986</controlfield><controlfield tag="008">020116d19952002caudn ne      0    0eng c</controlfield><datafield ind1=" " ind2=" " tag="010"><subfield code="a">sn2002060278</subfield></datafield><datafield ind1=" " ind2=" " tag="040"><subfield code="a">JQW</subfield><subfield code="b">eng</subfield><subfield code="c">JQW</subfield><subfield code="d">CNK</subfield><subfield code="d">IUL</subfield><subfield code="d">OCLCQ</subfield><subfield code="d">OCLCF</subfield><subfield code="d">OCLCO</subfield></datafield><datafield ind1="1" ind2=" " tag="029"><subfield code="a">AU@</subfield><subfield code="b">000024045000</subfield></datafield><datafield ind1=" " ind2=" " tag="042"><subfield code="a">pcc</subfield></datafield><datafield ind1=" " ind2=" " tag="043"><subfield code="a">n-us-ca</subfield></datafield><datafield ind1="0" ind2="0" tag="245"><subfield code="a">Thousand Oaks star.</subfield></datafield><datafield ind1=" " ind2=" " tag="260"><subfield code="a">Thousand Oaks, CA :</subfield><subfield code="b">Scripps Howard Newspapers</subfield></datafield><datafield ind1=" " ind2=" " tag="300"><subfield code="a">v.</subfield></datafield><datafield ind1=" " ind2=" " tag="310"><subfield code="a">Daily (except Sun.)</subfield></datafield><datafield ind1="0" ind2=" " tag="362"><subfield code="a">Feb. 28, 1995-Apr. 27, 2002.</subfield></datafield><datafield ind1=" " ind2=" " tag="500"><subfield code="a">"Serving Thousand Oaks, Newbury Park, Westlake Village, Agoura Hills, Oak Park and Moorpark."</subfield></datafield><datafield ind1=" " ind2=" " tag="515"><subfield code="a">Publication moved to Ventura, Calif., July 22, 1995.</subfield></datafield><datafield ind1=" " ind2=" " tag="530"><subfield code="a">Master negatives are available for duplication from:</subfield><subfield code="b">California Newspaper Microfilm Archive;</subfield><subfield code="c">positive copies may be purchased by the reel; for further information consult the CNMA at:</subfield><subfield code="u">http://cbsr.ucr.edu</subfield></datafield><datafield ind1=" " ind2="0" tag="651"><subfield code="a">Thousand Oaks (Ventura County, Calif.)</subfield><subfield code="v">Newspapers.</subfield></datafield><datafield ind1=" " ind2="7" tag="655"><subfield code="a">Newspapers.</subfield><subfield code="2">fast</subfield><subfield code="0">(OCoLC)fst01423814</subfield></datafield><datafield ind1=" " ind2="7" tag="651"><subfield code="a">California</subfield><subfield code="z">Thousand Oaks (Ventura County)</subfield><subfield code="2">fast</subfield><subfield code="0">(OCoLC)fst01727739</subfield></datafield><datafield ind1=" " ind2=" " tag="752"><subfield code="a">United States</subfield><subfield code="b">California</subfield><subfield code="c">Ventura</subfield><subfield code="d">Ventura.</subfield></datafield><datafield ind1=" " ind2=" " tag="752"><subfield code="a">United States</subfield><subfield code="b">California</subfield><subfield code="c">Ventura</subfield><subfield code="d">Thousand Oaks.</subfield></datafield><datafield ind1="0" ind2="0" tag="780"><subfield code="t">Thousand Oaks star and news chronicle</subfield><subfield code="w">(DLC)sn2003061139</subfield></datafield><datafield ind1="0" ind2="4" tag="785"><subfield code="t">Ventura County star (Ventura, Calif. : 1994)</subfield><subfield code="w">(DLC)sn 95062160</subfield></datafield></record>